@article{2015arXiv151206148D,
    author = "{R.\,Acciarri et al.} {(DUNE Collab.)}",
    collaboration = "DUNE",
    title = "{Long-Baseline Neutrino Facility (LBNF) and Deep Underground Neutrino Experiment (DUNE) Conceptual Design Report Volume 2: The Physics Program for DUNE at LBNF}",
    journal = {arXiv e-prints},
    archivePrefix = "arXiv",
    eprint = {1512.06148},
    primaryClass = "physics.ins-det",
    year = 2015,
    month = dec,
   adsurl = {https://arxiv.org/abs/1512.06148}
}

@article{ref:DUNEIDR,
    author = "{B.\,Abi et al.} {(DUNE Collab.)}",
    collaboration = "DUNE",
    title = "The DUNE Far Detector Interim Design Report. Volume 2: Single-Phase Module.",
    journal = {arXiv e-prints},
    archivePrefix = "arXiv",
    eprint = {1807.10327},
    primaryClass = "physics.ins-det",
    year = 2018,
    month = Jul,
adsurl = {https://arxiv.org/pdf/1807.10327.pdf},
}

@online{IB,
  author = {UK LBNF/DUNE IB},
  title = {LBNF/DUNE-UK Institutional Board Constitution\todo{Needs to be uploaded to TWiki}},
  version = {3.2},
  year = 2018,
  month = Mar,
  url = {https://dune-uk.pp.rl.ac.uk/twiki/bin/view/},
  urldate = {2018-08-01}
}